% !TEX encoding = utf8
@misc{1,
      author = "Fermentas Inc.",
      title = "Unity Technologies: Unity User Manual",
      month = "12 stycznia",
      year = "2019",
      howpublished={\url{https://docs.unity3d.com/Manual/index.html/}}
}
@misc{2,
      title = "GameMaker Studio 2 User Manual",
      month = "21 stycznia",
      year = "2019",
      howpublished={\url{https://docs2.yoyogames.com/}}
}

@misc{3,
      author = "Blender",
      title = "Blender User Guide",
      month = " 12 stycznia",
      year = "2019",
      howpublished={\url{https://docs.blender.org/manual/en/dev/}}
}
@misc{4,
      title = "Time.deltaTime",
      month = " 14 stycznia",
      year = "2019",
      howpublished={\url{https://docs.blender.org/manual/en/dev/}}
}
@misc{5,
      author = "ForceMode.VelocityChange",
      title = "Blender User Guide",
      month = "14 stycznia",
      year = "2019",
      howpublished={\url{https://docs.blender.org/manual/en/dev/}}
}
@misc{10,
      author = "Bill Wagner",
      title = "Microsoft: Przewodnik programowania C\#",
      month = "8 stycznia",
      year = "2019",
      howpublished={\url{https://docs.microsoft.com/pl-pl/dotnet/csharp/programming-guide/l}}
}